<?xml version="1.0" encoding="UTF-8"?><collection xmlns="http://www.loc.gov/MARC21/slim"><record><leader>00438nam--2200133-i-4500</leader><controlfield tag="001">000039018</controlfield><controlfield tag="002">20161230</controlfield><controlfield tag="005">20161230201042</controlfield><controlfield tag="008">060222s1000------------r-----000-0-eng-d</controlfield><datafield ind1=" " ind2=" " tag="080"><subfield code="a">541.28</subfield></datafield><datafield ind1=" " ind2=" " tag="100"><subfield code="a">Rexer, Ernst Und Wuckel, Lothar</subfield></datafield><datafield ind1=" " ind2=" " tag="245"><subfield code="a">Chemische veranderungen von stoffen durch energiereiche strahlung. mit 74 bildern und 78 tabellen</subfield></datafield><datafield ind1=" " ind2=" " tag="260"><subfield code="a">Leipzig, Veb Deutscher Verlag Fur Grundstoffindustrie, 1965, 275p</subfield></datafield><datafield ind1=" " ind2=" " tag="852"><subfield code="a">26980</subfield></datafield></record></collection>